@online{notsoshort,
  author =       {Oetiker, Tobias},
  title =        {A (Not So) Short Introduction to {\LaTeXe}},
  url =          {http://www.ctan.org/tex-archive/info/lshort/english/lshort-letter.pdf}
}

